@book{LavracDz94,
  added-at = {2008-12-09T12:21:29.000+0100},
  address = {New York},
  author = {Lavrac, Nada and Dzeroski, Saso},
  biburl = {http://www.bibsonomy.org/bibtex/20d6b5b4e9b13ec353139ccaba141d7d3/emanuel},
  interhash = {1f149dcd09381c147168b9197fce2ad9},
  intrahash = {0d6b5b4e9b13ec353139ccaba141d7d3},
  keywords = {book ilp induction machine_learning overview survey},
  publisher = {Ellis Horwood},
  timestamp = {2008-12-09T12:21:29.000+0100},
  title = {Inductive Logic Programming: Techniques and Applications},
  url = {http://www-ai.ijs.si/SasoDzeroski/ILPBook/},
  year = 1994
}

@INPROCEEDINGS{Brin99miningoptimized,
    author = {Sergey Brin and Rajeev Rastogi and Kyuseok Shim},
    title = {Mining optimized gain rules for numeric attributes},
    booktitle = {Proceedings of the Fifth ACM SIGKDD International Conference on Knowledge Discovery and Data Mining},
    year = {1999},
    pages = {135--144},
    publisher = {ACM Press}
}

@article{Neumann:2010:RES:1731351.1731354,
 author = {Neumann, Thomas and Weikum, Gerhard},
 title = {The RDF-3X engine for scalable management of RDF data},
 journal = {The VLDB Journal},
 issue_date = {February  2010},
 volume = {19},
 number = {1},
 month = feb,
 year = {2010},
 issn = {1066-8888},
 pages = {91--113},
 numpages = {23},
 url = {http://dx.doi.org/10.1007/s00778-009-0165-y},
 doi = {10.1007/s00778-009-0165-y},
 acmid = {1731354},
 publisher = {Springer-Verlag New York, Inc.},
 address = {Secaucus, NJ, USA},
 keywords = {Batched updates, Database engine, Indexing, Query optimization, Query processing, RDF, SPARQL},
} 

@INPROCEEDINGS{Jaroszewicz02pruningredundant,
    author = {Szymon Jaroszewicz and Dan A. Simovici},
    title = {Pruning Redundant Association Rules Using Maximum Entropy Principle},
    booktitle = {In Advances in Knowledge Discovery and Data Mining, 6th Pacific-Asia Conference, PAKDD?02},
    year = {2002},
    pages = {135--147}
}

@INPROCEEDINGS{DBLP:conf/sac/CaldersGPR09,
  author    = {Toon Calders and
               Christian W. G{\"u}nther and
               Mykola Pechenizkiy and
               Anne Rozinat},
  title     = {Using minimum description length for process mining},
  booktitle = {SAC},
  year      = {2009},
  pages     = {1451-1455},
  ee        = {http://doi.acm.org/10.1145/1529282.1529606},
  crossref  = {DBLP:conf/sac/2009},
  bibsource = {DBLP, http://dblp.uni-trier.de}
}
