@article{Agrawal:1993:MAR:170036.170072,
 author = {Agrawal, Rakesh and Imieli\'{n}ski, Tomasz and Swami, Arun},
 title = {Mining association rules between sets of items in large databases},
 journal = {SIGMOD Rec.},
 issue_date = {June 1, 1993},
 volume = {22},
 number = {2},
 month = jun,
 year = {1993},
 issn = {0163-5808},
 pages = {207--216},
 numpages = {10},
 url = {http://doi.acm.org/10.1145/170036.170072},
 doi = {10.1145/170036.170072},
 acmid = {170072},
 publisher = {ACM},
 address = {New York, NY, USA},
} 

@inproceedings{DBLP:conf/ecml/QuinlanC93,
  author    = {J. Ross Quinlan and
               R. Mike Cameron-Jones},
  title     = {FOIL: A Midterm Report},
  booktitle = {ECML},
  year      = {1993},
  pages     = {3-20},
  ee        = {http://dx.doi.org/10.1007/3-540-56602-3_124},
  crossref  = {DBLP:conf/ecml/1993},
  bibsource = {DBLP, http://dblp.uni-trier.de}
}

@article{DBLP:journals/ml/Quinlan90,
  author    = {J. Ross Quinlan},
  title     = {Learning Logical Definitions from Relations},
  journal   = {Machine Learning},
  volume    = {5},
  year      = {1990},
  pages     = {239-266},
  ee        = {http://dx.doi.org/10.1007/BF00117105},
  bibsource = {DBLP, http://dblp.uni-trier.de}
}

@InProceedings{ DBLP:conf/sac/CaldersGPR09,
	author = {Toon Calders and Christian W. G{\"u}nther and Mykola Pechenizkiy and Anne Rozinat},
	title = "Using minimum description length for process mining",
	booktitle = "SAC",
	year = "2009",
	pages = "1451--1455",
	ee = "http://doi.acm.org/10.1145/1529282.1529606",
	crossref = "DBLP:conf/sac/2009",
	bibsource = "DBLP, http://dblp.uni-trier.de"
}

@Book{ DBLP:books/sp/Lloyd87,
	author = "John W. Lloyd",
	title = "Foundations of Logic Programming, 2nd Edition",
	publisher = "Springer",
	year = "1987",
	isbn = "3-540-18199-7",
	bibsource = "DBLP, http://dblp.uni-trier.de"
}

@Article{ DBLP:journals/ml/LavracD96,
	author = "Nada Lavrac and Saso Dzeroski",
	title = {A Reply to Pazzani's Book Review of "Inductive Logic Programming: Techniques and Applications"},
	journal = "Machine Learning",
	volume = "23",
	number = "1",
	year = "1996",
	pages = "109--111",
	ee = "http://dx.doi.org/10.1007/BF00116902",
	bibsource = "DBLP, http://dblp.uni-trier.de"
}

@InProceedings{ Dougherty95supervisedand,
	author = "James Dougherty and Ron Kohavi and Mehran Sahami",
	title = "Supervised and Unsupervised Discretization of Continuous Features",
	booktitle = "MACHINE LEARNING: PROCEEDINGS OF THE TWELFTH INTERNATIONAL CONFERENCE",
	year = "1995",
	pages = "194--202",
	publisher = "Morgan Kaufmann"
}

@Book{ LavracDz94,
	added-at = "2008-12-09T12:21:29.000+0100",
	address = "New York",
	author = "Nada Lavrac and Saso Dzeroski",
	biburl = "http://www.bibsonomy.org/bibtex/20d6b5b4e9b13ec353139ccaba141d7d3/emanuel",
	interhash = "1f149dcd09381c147168b9197fce2ad9",
	intrahash = "0d6b5b4e9b13ec353139ccaba141d7d3",
	keywords = "book ilp induction machine\_learning overview survey",
	publisher = "Ellis Horwood",
	timestamp = "2008-12-09T12:21:29.000+0100",
	title = "Inductive Logic Programming: Techniques and Applications",
	url = "http://www-ai.ijs.si/SasoDzeroski/ILPBook/",
	year = 1994
}

@InProceedings{ Brin99miningoptimized,
	author = "Sergey Brin and Rajeev Rastogi and Kyuseok Shim",
	title = "Mining optimized gain rules for numeric attributes",
	booktitle = "Proceedings of the Fifth ACM SIGKDD International Conference on Knowledge Discovery and Data Mining",
	year = "1999",
	pages = "135--144",
	publisher = "ACM Press"
}

@Article{ Neumann:2010:RES:1731351.1731354,
	author = "Thomas Neumann and Gerhard Weikum",
	title = "The RDF-3X engine for scalable management of RDF data",
	journal = "The VLDB Journal",
	issue_date = "February 2010",
	volume = "19",
	number = "1",
	month = feb,
	year = "2010",
	issn = "1066-8888",
	pages = "91--113",
	numpages = "23",
	url = "http://dx.doi.org/10.1007/s00778-009-0165-y",
	doi = "10.1007/s00778-009-0165-y",
	acmid = "1731354",
	publisher = "Springer-Verlag New York, Inc.",
	address = "Secaucus, NJ, USA",
	keywords = "Batched updates, Database engine, Indexing, Query optimization, Query processing, RDF, SPARQL"
}

@InProceedings{ Jaroszewicz02pruningredundant,
	author = "Szymon Jaroszewicz and Dan A. Simovici",
	title = "Pruning Redundant Association Rules Using Maximum Entropy Principle",
	booktitle = "In Advances in Knowledge Discovery and Data Mining, 6th Pacific-Asia Conference, PAKDD?02",
	year = "2002",
	pages = "135--147"
}

@Article{ Kullback51klDivergence,
	added-at = "2010-10-31T19:59:47.000+0100",
	author = "S. Kullback and R. A. Leibler",
	biburl = "http://www.bibsonomy.org/bibtex/2560a5719c537c5c4a496bfebd4a21603/lee_peck",
	description = "Kullback , Leibler : On Information and Sufficiency",
	interhash = "f9d41d76a07383cca4c3a1a94c24d533",
	intrahash = "560a5719c537c5c4a496bfebd4a21603",
	journal = "Ann. Math. Statist.",
	keywords = "51 Kullback Leibler divergence kl",
	number = 1,
	pages = "79--86",
	timestamp = "2010-10-31T19:59:47.000+0100",
	title = "On Information and Sufficiency",
	volume = 22,
	year = 1951
}

@Article{ 17795,
	author = "J. Briet and P. Harremos",
	title = "Properties Of Classical And Quantum Jensen-Shannon Divergence",
	journal = "Physical Review A: Atomic, Molecular and Optical Physics",
	year = "2009",
	month = "May",
	number = "5",
	volume = "79",
	article-no = "052311",
	publisher = "American Physical Society",
	issn = "1050-2947",
	refereed = "y",
	class = " 46N55",
	keywords = "Quantum Jensen-Shannon divergence, Kullback divergence, Schoenberg's Theorem",
	group = "INS4",
	language = "en"
}

